@article{tibshirani1993,
  title={An introduction to the bootstrap},
  author={Tibshirani, Robert J and Efron, Bradley},
  journal={Monographs on statistics and applied probability},
  volume={57},
  number={1},
  pages={1--436},
  year={1993},
  publisher={Citeseer}
}

@misc{batsuren2022,
      title={UniMorph 4.0: Universal Morphology},
      author={Khuyagbaatar Batsuren and Omer Goldman and Salam Khalifa and Nizar Habash and Witold Kieraś and Gábor Bella and Brian Leonard and Garrett Nicolai and Kyle Gorman and Yustinus Ghanggo Ate and Maria Ryskina and Sabrina J. Mielke and Elena Budianskaya and Charbel El-Khaissi and Tiago Pimentel and Michael Gasser and William Lane and Mohit Raj and Matt Coler and Jaime Rafael Montoya Samame and Delio Siticonatzi Camaiteri and Benoît Sagot and Esaú Zumaeta Rojas and Didier López Francis and Arturo Oncevay and Juan López Bautista and Gema Celeste Silva Villegas and Lucas Torroba Hennigen and Adam Ek and David Guriel and Peter Dirix and Jean-Philippe Bernardy and Andrey Scherbakov and Aziyana Bayyr-ool and Antonios Anastasopoulos and Roberto Zariquiey and Karina Sheifer and Sofya Ganieva and Hilaria Cruz and Ritván Karahóǧa and Stella Markantonatou and George Pavlidis and Matvey Plugaryov and Elena Klyachko and Ali Salehi and Candy Angulo and Jatayu Baxi and Andrew Krizhanovsky and Natalia Krizhanovskaya and Elizabeth Salesky and Clara Vania and Sardana Ivanova and Jennifer White and Rowan Hall Maudslay and Josef Valvoda and Ran Zmigrod and Paula Czarnowska and Irene Nikkarinen and Aelita Salchak and Brijesh Bhatt and Christopher Straughn and Zoey Liu and Jonathan North Washington and Yuval Pinter and Duygu Ataman and Marcin Wolinski and Totok Suhardijanto and Anna Yablonskaya and Niklas Stoehr and Hossep Dolatian and Zahroh Nuriah and Shyam Ratan and Francis M. Tyers and Edoardo M. Ponti and Grant Aiton and Aryaman Arora and Richard J. Hatcher and Ritesh Kumar and Jeremiah Young and Daria Rodionova and Anastasia Yemelina and Taras Andrushko and Igor Marchenko and Polina Mashkovtseva and Alexandra Serova and Emily Prud'hommeaux and Maria Nepomniashchaya and Fausto Giunchiglia and Eleanor Chodroff and Mans Hulden and Miikka Silfverberg and Arya D. McCarthy and David Yarowsky and Ryan Cotterell and Reut Tsarfaty and Ekaterina Vylomova},
      year={2022},
      eprint={2205.03608},
      archivePrefix={arXiv},
      primaryClass={cs.CL},
      url={https://arxiv.org/abs/2205.03608},
}

@misc{mager2022,
      title={BPE vs. Morphological Segmentation: A Case Study on Machine Translation of Four Polysynthetic Languages},
      author={Manuel Mager and Arturo Oncevay and Elisabeth Mager and Katharina Kann and Ngoc Thang Vu},
      year={2022},
      eprint={2203.08954},
      archivePrefix={arXiv},
      primaryClass={cs.CL},
      url={https://arxiv.org/abs/2203.08954},
}

@article{vasques2023,
    author = {Gutierrez-Vasques, Ximena and Bentz, Christian and Samardžić, Tanja},
    title = {Languages Through the Looking Glass of BPE Compression},
    journal = {Computational Linguistics},
    volume = {49},
    number = {4},
    pages = {943-1001},
    year = {2023},
    month = {12},
    issn = {0891-2017},
    doi = {10.1162/coli_a_00489},
    url = {https://doi.org/10.1162/coli\_a\_00489},
    eprint = {https://direct.mit.edu/coli/article-pdf/49/4/943/2269507/coli\_a\_00489.pdf},
}

@article{ostling2018,
  title={Part of speech tagging: Shallow or deep learning?},
  author={{\"O}stling, Robert},
  journal={Northern European Journal of Language Technology},
  volume={5},
  pages={1--15},
  year={2018}
}

@misc{vaswani2017,
      title={Attention Is All You Need},
      author={Ashish Vaswani and Noam Shazeer and Niki Parmar and Jakob Uszkoreit and Llion Jones and Aidan N. Gomez and Lukasz Kaiser and Illia Polosukhin},
      year={2017},
      eprint={1706.03762},
      archivePrefix={arXiv},
      primaryClass={cs.CL},
      url={https://arxiv.org/abs/1706.03762},
}

@inproceedings{smit2014,
  title={Morfessor 2.0: Toolkit for statistical morphological segmentation},
  author={Smit, Peter and Virpioja, Sami and Gr{\"o}nroos, Stig-Arne and Kurimo, Mikko},
  booktitle={Proceedings of the Demonstrations at the 14th Conference of the European Chapter of the Association for Computational Linguistics},
  pages={21--24},
  year={2014}
}

@inproceedings{haley2023,
  title={Language-Agnostic Measures Discriminate Inflection and Derivation},
  author={Haley, Coleman and Ponti, Edoardo M and Goldwater, Sharon},
  booktitle={Proceedings of the 5th Workshop on Research in Computational Linguistic Typology and Multilingual NLP},
  pages={150--152},
  year={2023}
}

@inproceedings{saleva2021,
    title = "The Effectiveness of Morphology-aware Segmentation in Low-Resource Neural Machine Translation",
    author = "Saleva, Jonne  and
      Lignos, Constantine",
    editor = "Sorodoc, Ionut-Teodor  and
      Sushil, Madhumita  and
      Takmaz, Ece  and
      Agirre, Eneko",
    booktitle = "Proceedings of the 16th Conference of the European Chapter of the Association for Computational Linguistics: Student Research Workshop",
    month = apr,
    year = "2021",
    address = "Online",
    publisher = "Association for Computational Linguistics",
    url = "https://aclanthology.org/2021.eacl-srw.22/",
    doi = "10.18653/v1/2021.eacl-srw.22",
    pages = "164--174",
}

@article{mager2022,
  title={BPE vs. morphological segmentation: A case study on machine translation of four polysynthetic languages},
  author={Mager, Manuel and Oncevay, Arturo and Mager, Elisabeth and Kann, Katharina and Vu, Ngoc Thang},
  journal={arXiv preprint arXiv:2203.08954},
  year={2022}
}

@Book{jm3,
  author =       "Daniel Jurafsky and James H. Martin",
  title =        "Speech and Language Processing: An Introduction to
                 Natural Language Processing, Computational Linguistics,
                 and Speech Recognition with Language Models",
  year =         "2025",
  url = {https://web.stanford.edu/~jurafsky/slp3/},
  note = "Online manuscript released January 12, 2025",
  edition =         "3rd",
  }
